@online{tempdata,
  author = {GISTEMP Team},
  title = {GISS Surface Temperature Analysis (GISTEMP v4)},
  year = 2024,
  url = {data.giss.nasa.gov/gistemp/},
  urldate = {2025-01-27}
}

@article{lenssen2019,
  title={Improvements in the GISTEMP uncertainty model},
  author={Lenssen, Nathan JL and Schmidt, Gavin A and Hansen, James E and Menne, Matthew J and Persin, Avraham and Ruedy, Reto and Zyss, Daniel},
  journal={Journal of Geophysical Research: Atmospheres},
  volume={124},
  number={12},
  pages={6307--6326},
  year={2019},
  publisher={Wiley Online Library}
}
